@article{feurer2019hyperparameter,
	title={Hyperparameter optimization},
	author={Feurer, Matthias and Hutter, Frank},
	journal={Automated machine learning: Methods, systems, challenges},
	pages={3--33},
	year={2019},
	publisher={Springer International Publishing}
}

@article{bischl2021hyperparameter,
	title={Hyperparameter optimization: Foundations, algorithms, best practices, and open challenges},
	author={Bischl, Bernd and Binder, Martin and Lang, Michel and Pielok, Tobias and Richter, Jakob and Coors, Stefan and Thomas, Janek and Ullmann, Theresa and Becker, Marc and Boulesteix, Anne-Laure and others},
	journal={Wiley Interdisciplinary Reviews: Data Mining and Knowledge Discovery},
	pages={e1484},
	year={2021},
	publisher={Wiley Online Library}
}
